=LDR  00000nam a22000003i 4500
=005  20250325102900.0
=008  250325s1977||||nyu||||||||||||||\||eng||
=024  8\$a4001
=033  1\$a19770601$a19770602
=040  \\$aUkOxU$beng$erda$cUkOxU
=245  00$aChinese snuff bottles, jade carvings, archaic bronzes, sculpture, ceramics, works of art and paintings.
=264  \0$aNew York :$bSotheby Parke Bernet Inc,$c[1977?]
=264  \\$a© 1977
=300  \\$aapproximately 156 pages ;$c24 cm
=336  \\$atext$2rdacontent
=337  \\$aunmediated$2rdamedia
=338  \\$avolume$2rdacarrier
=500  \\$aincluding fine snuff bottles from the collection of the late E. Lucille Parker, Erie, Pennsylvania (part II); Chinese paintings by Wên Chêng-ming, Tao Chi, Wang Yuan-ch'i, Wang Hui, Ch'i Pai-shih, Chang Ta-ch'ien, Hsü Pei-hung and other artists; jade carvings: a fine white jade rustic brush washer, 18th century; archaic bronzes: an important bronze fang yi, Shang dynasty; a well-cast bronze wine vessel (tsun), Shang dynasty; a rare bronze chariot shaft fitting, Western Chou dynasty; T'ang gilt bronze : a rare gilt bronze stemcup, T'ang dynasty;  sculpture:  a large black marble lion, T'ang dynasty; a large stone figure of a lady, T'ang dynasty; a large stone figure of a mourner, T'ang dynasty; early pottery figures: a large painted gray pottery equestrian, Wei dynasty; a printed gray pottery horse, Han dynasty;  Liao pottery: a fine pair of green glazed pottery flasks, Liao dynasty; various Sung and later pottery and porcelain; property from the estates of Mr. Robert Dinolt, Putnam, Connecticut; Greta S. Heckett, Pittsburgh, Pa.; Frank V. Gill, New York, New York; John H. Wilkins, Chevy Chase, Md.; Martha E. Dick, Reading, Pa. and other owners.
=876  \\$zwater damage throughout; some pages stuck together$p309046986
=904  \\$aOxford Local Record

