=LDR  00000nam a22000003i 4500
=005  20250325102900.0
=008  250325s2013||||cc\||||||||||||||\||eng||
=033  2\$a20131004$a20131008
=040  \\$aUkOxU$beng$erda$cUkOxU
=041 0\$aeng$achi
=245  00$aSoutheby's Hong Kong autumn sales 2013 :$b40: Sotheby's 40 years in Asia.
=246  31$a香港蘇富比2013秋李拍賣$b40: 蘇富比亞洲四十年
=264  \0$aHong Kong :$bSoutheby's Hong Kong,$c[2013?]
=300  \\$aapproximately 42 pages ;$c27cm
=336  \\$atext$2rdacontent
=337  \\$aunmediated$2rdamedia
=338  \\$avolume$2rdacarrier
=876  \\$p308241086$zDonated by the Ashmolean Museum.
=904  \\$aOxford Local Record

