=LDR  00000nam a22000003i 4500
=005  20250325102900.0
=008  250325s1995||||cc\||||||||||||||\||eng||
=024  8\$aFRANCO
=033  0\$a19951015
=040  \\$aUkOxU$beng$erda$cUkOxU
=041 0\$aeng$achi
=245  04$aThe Johan Franco collection of works by Sanyu.
=246  31$a約翰·法蘭寇收藏之常玉作品
=264  \0$aTaiwan :$bSoutheby's Taiwan Ltd.,$c[1995?]
=300  \\$aaproximately 76 pages ;$c27cm
=336  \\$atext$2rdacontent
=337  \\$aunmediated$2rdamedia
=338  \\$avolume$2rdacarrier
=876  \\$p308241087$zDonated by the Ashmolean Museum.
=904  \\$aOxford Local Record
































